% fill here with your references from citavi