% This file was created with Citavi 6.17.0.0

@misc{agfw_leitfaden_wp,
	editor = {{AGFW | Der Energieeffizienzverband f{\"u}r W{\"a}rme, K{\"a}lte und KWK e.V}},
	date = {2023-07},
	title = {Praxisleitfaden Gro{\ss}w{\"a}rmepumpen},
	file = {230712{\_}AGFW{\_}Praxisleitfaden{\_}Gro{\ss}wärmepumpen{\_}jahr2023:Attachments/230712{\_}AGFW{\_}Praxisleitfaden{\_}Gro{\ss}wärmepumpen{\_}jahr2023.pdf:application/pdf}
}


@misc{agora_rollout_wp,
	abstract = {Die Verantwortung f{\"u}r die Inhalte der Kapitel 2 bis 8 liegt ausschlie{\ss}lich bei Fraunhofer IEG. Agora Energiewende hat die Zusammenfassung (Kapitel 1) verfasst. Die Handungsempfehlungen (Kapitel 9) wurden von Fraunhofer IEG und Agora Energiewende gemeinsam verfasst. Unter diesem Scan-Code steht diese Publikation als PDF zum Download zur Verf{\"u}gung.},
	author = {{Agora Energiewende, Frauenhofer IEG}},
	year = {2023},
	title = {Roll-out von Gro{\ss}w{\"a}rmepumpen in Deutschland},
	url = {https://publica.fraunhofer.de/entities/publication/da646bcd-b4b4-46dc-a1ca-ab8bd096be7f/details},
	pages = {1--138},
	doi = {10.24406/publica-1440},
	file = {Roll-out von Growarmepumpen in Deutschland:Attachments/Roll-out von Growarmepumpen in Deutschland.pdf:application/pdf}
}


@misc{bdew_energieversorgung,
	date = {2023-05-31},
	title = {Die Energieversorgung 2022 - Jahresbericht},
	url = {https://www.bdew.de/media/documents/Pub_20230601_Jahresbericht-2022-UPDATE-mai-2023.pdf},
	urldate = {2023-11-25},
	editor = {{BDEW Bundesverband der Energie- und Wasserwirtschaft e.V.}},
	institution = {{BDEW Bundesverband der Energie- und Wasserwirtschaft e.V.}},
	file = {Pub{\_}20230601{\_}Jahresbericht-2022-UPDATE-mai-2023:Attachments/Pub{\_}20230601{\_}Jahresbericht-2022-UPDATE-mai-2023.pdf:application/pdf}
}


@misc{bnetza_funktion_strommarkt,
	editor = {Bundesnetzagentur},
	title = {So funktioniert der Strommarkt},
	url = {https://www.smard.de/page/home/wiki-article/446/384},
	urldate = {2023-11-08},
	file = {081123{\_}smard{\_}strommarkt:Attachments/081123{\_}smard{\_}strommarkt.pdf:application/pdf}
}


@misc{bnetza_monitoring,
	abstract = {Monitoringbericht 2023 Monitoringbericht gem{\"a}{\ss} {\S} 63 Abs. 3 i. V. m. {\S} 35 EnWG und {\S} 48 Abs. 3 i. V. m. {\S} 53 Abs. 3 GWB},
	date = {2023-11-29},
	title = {Monitoringbericht 2023},
	editor = {Bundesnetzagentur and Bundeskartellamt},
	file = {MonitoringberichtEnergie2023:Attachments/MonitoringberichtEnergie2023.pdf:application/pdf}
}


@book{buch_erneuerbare_energien,
	author = {Kaltschmitt, Martin and Streicher, Wolfgang and Wiese, Andreas},
	year = {2020},
	title = {Erneuerbare Energien},
	address = {Berlin, Heidelberg},
	publisher = {{Springer Berlin Heidelberg}},
	isbn = {978-3-662-61189-0},
	doi = {10.1007/978-3-662-61190-6},
	file = {271223{\_}buch{\_}erneuerbare{\_}energien:Attachments/271223{\_}buch{\_}erneuerbare{\_}energien.pdf:application/pdf}
}


@misc{danish_technology_data,
	date = {2023-02},
	title = {Technology Data: Generation of Electricity and District Heating},
	urldate = {2024-02-05},
	url = {https://ens.dk/sites/ens.dk/files/Analyser/version_12_-_technology_data_catalogue_for_el_and_dh.pdf},
	editor = {{Danish Energy Agency}},
	version = 12,
	file = {161223{\_}technology{\_}data{\_}catalogue{\_}for{\_}el{\_}and{\_}dh:Attachments/161223{\_}technology{\_}data{\_}catalogue{\_}for{\_}el{\_}and{\_}dh.pdf:application/pdf}
}



@misc{energy_charts_quellen,
	abstract = {Die Energy-Charts bieten interaktive Grafiken zu: Stromproduktion, Stromerzeugung, Emissionen, Klimadaten, Spotmarktpreisen, Szenarien zur Energiewende und eine umfangreiche Kartenanwendung zu: Kraftwerken, {\"U}bertragungsleitungen und Meteodaten., Deutschland},
	editor = {{Fraunhofer ISE}},
	title = {Energy-Charts},
	url = {https://www.energy-charts.info/sources.html?l=de&c=DE},
	urldate = {2024-01-03}
}

@misc{epexspot_trading,
	date = {2023},
	title = {Trading brochure 2023},
	url = {https://www.epexspot.com/sites/default/files/download_center_files/21-03-09_Trading%20Brochure.pdf},
	urldate = {2023-11-08},
	editor = {{EPEX SPOT SE}},
	file = {Trading brochure 2023:Attachments/Trading brochure 2023.pdf:application/pdf}
}


@misc{gasmarket_eex,
	date = {2023-10},
	title = {Gas Market Update - October 2023},
	url = {https://www.eex.com/fileadmin/EEX/Markets/Natural_Gas/EXTERNAL_EEX_Gas_Market_Update_-_October_2023.pdf},
	urldate = {2023-12-17},
	editor = {{eex group}},
	file = {271223{\_}EEX{\_}Gas{\_}Market{\_}Update{\_}-{\_}October{\_}2023:Attachments/271223{\_}EEX{\_}Gas{\_}Market{\_}Update{\_}-{\_}October{\_}2023.pdf:application/pdf}
}


@book{grundlagen_thermo,
	author = {Dehli, Martin and Doering, Ernst and Schedwill, Herbert},
	year = {2023},
	title = {Grundlagen der Technischen Thermodynamik},
	address = {Wiesbaden},
	publisher = {{Springer Fachmedien Wiesbaden}},
	isbn = {978-3-658-41250-0},
	doi = {10.1007/978-3-658-41251-7},
	file = {271223{\_}buch{\_}grundlagen{\_}thermo:Attachments/271223{\_}buch{\_}grundlagen{\_}thermo.pdf:application/pdf}
}


@misc{info_brettschneider,
	author = {Brettschneider, Axel},
	date = {2023-10-26},
	title = {Information Day-Ahead Handel Gas: Pers{\"o}nliches Gespr{\"a}ch},
}


@misc{info_gabler,
	author = {Gabler, Thomas},
	date = {2023-11-08},
	title = {Ausstattung und Betrieb Erzeuger W{\"a}rmenetz: E-Mail},
	file = {081123{\_}gabler{\_}info{\_}netz:Attachments/081123{\_}gabler{\_}info{\_}netz.txt:text/plain}
}


@book{mathematische_optimierung_pieper,
	author = {Pieper, Martin},
	year = {2017},
	title = {Mathematische Optimierung},
	address = {Wiesbaden},
	publisher = {{Springer Fachmedien Wiesbaden}},
	isbn = {978-3-658-16974-9},
	doi = {10.1007/978-3-658-16975-6},
	file = {291223{\_}mathematische{\_}optimierung:Attachments/291223{\_}mathematische{\_}optimierung.pdf:application/pdf}
}


@misc{next_intraday,
	abstract = {Der Intraday Handel ist der kurzfristige Stromhandel und dient meist zum Bilanzkreisausgleich. Wir zeigen unter anderem typische Preisverl{\"a}ufe, die Entwicklung des Intraday-B{\"o}rsenmarkts sowie Handelsfristen auf. Jetzt mehr erfahren.},
	editor = {{NEXT Kraftwerke GmbH}},
	title = {Was ist der Intraday-Handel?},
	url = {https://www.next-kraftwerke.de/wissen/intraday-handel},
	keywords = {Energie;intraday;Intradayhandel;Intraday-Handel;Intraday-Trading;Strom},
	urldate = {2023-08-11},
	file = {081123{\_}intraday{\_}handel{\_}next:Attachments/081123{\_}intraday{\_}handel{\_}next.pdf:application/pdf}
}


@book{numerical_optimization,
	year = {2006},
	title = {Numerical optimization},
	price = {Gb. : 39.54 EUR},
	keywords = {Mathematical optimization;Mathematische Optimierung;Numerisches Verfahren;Theorie},
	address = {New York, NY},
	edition = {Second edition},
	publisher = {Springer},
	isbn = {978-0-387-40065-5},
	series = {Springer series in operation research and financial engineering},
	editor = {Nocedal, Jorge and Wright, Stephen J.},
	file = {211223{\_}numerical{\_}optimization:Attachments/211223{\_}numerical{\_}optimization.pdf:application/pdf}
}


@book{operation_research_nickel,
	year = {2022},
	title = {Operations research},
	keywords = {Graphentheorie;Heuristik;Operations Research;Theorie},
	address = {Berlin and Heidelberg},
	edition = {3., {\"u}berarbeitete und erweiterte Auflage},
	publisher = {{Springer Gabler}},
	isbn = {978-3-662-65346-3},
	series = {Lehrbuch},
	editor = {Nickel, Stefan and Rebennack, Steffen and Stein, Oliver and Waldmann, Karl-Heinz},
	file = {201223{\_}operation{\_}research:Attachments/201223{\_}operation{\_}research.pdf:application/pdf}
}


@book{optimierung_praxis,
	author = {Kallrath, Josef},
	title = {Gemischt-ganzzahlige Optimierung: Modellierung in der Praxis},
	url = {https://link.springer.com/book/10.1007/978-3-658-00690-7},
	urldate = {12/21/2023},
	edition = {2., {\"u}berarbeitete und erweiterte Auflage},
	isbn = {ISBN 978-3-658-00689-1},
	file = {211223{\_}gemischt{\_}ganzzahlige{\_}optimierung:Attachments/211223{\_}gemischt{\_}ganzzahlige{\_}optimierung.pdf:application/pdf}
}


@book{optimierungssysteme_suhl,
	author = {Suhl, Leena and Mellouli, Ta{\"i}eb},
	year = {2013},
	title = {Optimierungssysteme},
	address = {Berlin, Heidelberg},
	publisher = {{Springer Berlin Heidelberg}},
	isbn = {978-3-642-38936-8},
	doi = {10.1007/978-3-642-38937-5},
	file = {212223{\_}optimierungssysteme:Attachments/212223{\_}optimierungssysteme.pdf:application/pdf}
}


@misc{uba_co2_faktoren,
	author = {Umweltbundesamt},
	date = {2022-06},
	title = {CO2-Emissionsfaktoren f{\"u}r fossile Brennstoffe},
	url = {https://www.umweltbundesamt.de/publikationen/co2-emissionsfaktoren-fuer-fossile-brennstoffe-0},
	keywords = {CO2;Emissionsfaktoren;Fossile Brennstoffe;-Klima | Energie;Treibhausgasinventar},
	urldate = {2023-11-01},
	file = {011123emissionsfaktoren-brennstoffe{\_}bf:Attachments/011123emissionsfaktoren-brennstoffe{\_}bf.pdf:application/pdf}
}


@misc{uba_emissionshandel,
	abstract = {nationales Emissionshandelssystem, nEHS, Brennstoffemissionhandelsgesetz, BEHG, Verkauf, Emissionszertifikate, nEZ, European Energy Exchange AG, EEX, Verkaufsverfahren, Festpreis, Festpreisphase},
	date = {2023-03},
	title = {Verkauf nationaler Emissionszertifikate: Nationales Emissionshandelssystem (nEHS)},
	editor = {Umweltbundesamt and {Deutsche Emissionshandelstelle}},
	url = {https://www.dehst.de/SharedDocs/downloads/DE/nehs/verkaufsberichte-nehs/2022/2022-Q2_verkaufsbericht.pdf?__blob=publicationFile&v=3#:~:text=Zwischen%20April%20und%20Juni%20wurden,über%20654%20Millionen%20Euro%20veräußert.},
	urldate={2023-11-01},
	file = {011123{\_}Emissionshandelssystem{\_}verkaufsbericht:Attachments/011123{\_}Emissionshandelssystem{\_}verkaufsbericht.pdf:application/pdf}
}


@misc{uba_potenzial_wärme,
	author = {Ortner, Sara and Pehnt, Martin and Bl{\"o}mer, Sebastian and Auberger, Andreas and Steinbach, Jan and Deurer, Jana and Popovski, Eftim and L{\"o}sch, Oliver and Langreder, Nora and Thamling, Nils and Sahnoun, Malek and Rau, Dominik},
	date = {10/31/2023},
	title = {Analyse des wirtschaftlichen Potenzials f{\"u}r eine effiziente W{\"a}rme- und K{\"a}lteversorgung},
	url = {https://www.umweltbundesamt.de/publikationen/analyse-des-wirtschaftlichen-potenzials-fuer-eine},
	keywords = {Berichtspflicht;Dekarbonisierung;erneuerbare Potenziale;Fernw{\"a}rme;W{\"a}rme- und K{\"a}lteversorgung;-Wirtschaft | Konsum;Wirtschaftlichkeitsanalyse},
	urldate = {10/31/2023},
	editor = {Umweltbundesamt},
	file = {311123effiziente{\_}waerme-kaelteversorgung:Attachments/311123effiziente{\_}waerme-kaelteversorgung.pdf:application/pdf}
}

@misc{zak_netz,
	editor = {{Zweckverband f{\"u}r Abfallwirtschaft Kempten}},
	title = {Energie- und Fernw{\"a}rmekonzept},
	url = {https://www.zak-kempten.de/energie/energie-und-fernwaermekonzept/},
	urldate = {2023-12-12}
}




@misc{lcoh_fischer,
	author = {Fischer, Stephan},
	date = {2017-10-04},
	title = {Die LCoH-Methode zur Berechnung von W{\"a}rmegestehungskosten},
	url = {https://task54.iea-shc.org/Data/Sites/1/publications/S4_1_Fischer.pdf},
	urldate = {2024-01-19},
	file = {190124{\_}lcoh:Attachments/190124{\_}lcoh.pdf:application/pdf}
}


@misc{bew_förderungen,
	abstract = {Beispiel Inhaltsseite},
	editor = {{Bundesamt f{\"u}r Wirtschaft und Ausfuhrkontrolle}},
	title = {Bundesf{\"o}rderung f{\"u}r effiziente W{\"a}rmenetze (BEW)},
	url = {https://www.bafa.de/DE/Energie/Energieeffizienz/Waermenetze/Effiziente_Waermenetze/effiziente_waermenetze_node.html},
	urldate = {2024-01-24}
}

@misc{gesetz_wärmeplanung,
	author = {{Bundesministerium der Justiz}},
	title = {Gesetz f{\"u}r die W{\"a}rmeplanung und zur Dekarbonisierung der W{\"a}rmenetze},
	date = {2023-12-22},
	url = {https://www.bmwsb.bund.de/SharedDocs/gesetzgebungsverfahren/Webs/BMWSB/DE/Downloads/waermeplanung/wpg-bgbl.pdf;jsessionid=D059E4D114F7D18F08C2C39EC16901F2.live872?__blob=publicationFile&v=1},
	urldate = {2024-01-22},
	file = {220124{\_}gesetz{\_}w{\"a}remeplanung:Attachments/220124{\_}gesetz{\_}w{\"a}remeplanung.pdf:application/pdf}
}

@misc{website_energiewendebauen,
	abstract = {Ein gro{\ss}er Teil der CO2-Emissionen in Deutschland entf{\"a}llt auf die W{\"a}rmeversorgung. Mit treibhausgasfreiem Strom betriebene Gro{\ss}w{\"a}rmepumpen k{\"o}nnen dazu beitragen, diese Werte zu verringern.},
	editor = {{Projekttr{\"a}ger J{\"u}lich | Forschungszentrum J{\"u}lich Gmb}},
	title = {Gro{\ss}w{\"a}rmepumpen in deutschen Fernw{\"a}rmenetzen},
	url = {https://www.energiewendebauen.de/projekt/neu-grosswaermepumpen-in-deutschen-fernwaermenetzen/},
	urldate = {2024-01-22},
	file = {220124{\_}energiewendebaue{\_}wärmepumpe{\_}website:Attachments/220124{\_}energiewendebaue{\_}wärmepumpe{\_}website.pdf:application/pdf}
}


@misc{klimaziel_2045,
	abstract = {Mit dem umfassenden Klimaschutzprogramm zeigt die Bundesregierung, was sie konkret macht, um die Klimaziele zu erreichen.},
	title = {Bundesregierung beschlie{\ss}t Klimaschutzprogramm 2023},
	editor = {{Bundesregierung}},
	url = {https://www.bundesregierung.de/breg-de/suche/klimaschutzprogramm-2023-2226992#:~:text=Bis%202045%20wollen%20wir%20komplett,%E2%80%9C&text=Mit%20dem%20Klimaschutzprogramm%20r%C3%BCckt%20das,Treibhausgase%20im%20Vergleich%20zu%201990.},
	keywords = {Klimaschutzgesetz;Klimaschutzprogramm;Klimawandel},
	urldate = {2024-01-29}
}


@misc{co2_fac_strom,
	date = {2023-11-30},
	title = {Informationsblatt CO2-Faktoren},
	url = {https://www.bafa.de/SharedDocs/Downloads/DE/Energie/eew_infoblatt_co2_faktoren_2023.pdf?__blob=publicationFile&v=3},
	urldate = {2023-11-26},
	editor = {{Bundesamt f{\"u}r Wirtschaft und Ausfuhrkontrolle}},
	file = {eew{\_}infoblatt{\_}co2{\_}faktoren{\_}2022:Attachments/eew{\_}infoblatt{\_}co2{\_}faktoren{\_}2022.pdf:application/pdf}
}


@misc{eu_energiepreise,
	abstract = {Wie haben die EU-L{\"a}nder auf die Energiekrise reagiert? Die EU hat Einigkeit gezeigt und rasch Ma{\ss}nahmen zur Senkung der Energiekosten ergriffen.},
	editor = {{Rat der Europ{\"a}ischen Union}},
	title = {Energiepreise und Versorgungssicherheit},
	url = {https://www.consilium.europa.eu/de/policies/energy-prices-and-security-of-supply/},
	keywords = {Ausw{\"a}rtige Angelegenheiten und internationale Beziehungen;Binnenmarkt;Energie;Klimaneutralit{\"a}t;Russlands Krieg gegen die Ukraine},
	urldate = {2024-01-29}
}


@misc{info_siemens,
	author = {H{\"o}ren, Alexander},
	date = {2023-11-10},
	title = {Leistungsregelung Gro{\ss}w{\"a}rmepumpe: Gespr{\"a}ch},
}


@misc{afa,
	date = {2000-12-15},
	title = {AfA-Tabelle (AV)},
	url = {https://www.bundesfinanzministerium.de/Content/DE/Standardartikel/Themen/Steuern/Weitere_Steuerthemen/Betriebspruefung/AfA-Tabellen/Ergaenzende-AfA-Tabellen/AfA-Tabelle_AV.pdf?__blob=publicationFile&v=3},
	urldate = {2024-01-05},
	editor = {{Bundesministerium der Finanzen}},
	file = {29{\_}01{\_}2024{\_}AfA-Tabelle{\_}AV:Attachments/29{\_}01{\_}2024{\_}AfA-Tabelle{\_}AV.pdf:application/pdf}
}


@misc{ausgleichsenergie_next,
	abstract = {Ausgleichsenergie bezeichnet die Umlage der Kosten der Regelenergie auf die verschiedenen Akteure im Stromnetz. Wie verl{\"a}uft die Umverteilung konkret und welche Rolle haben Bilanzkreisverantwortliche? Dies und mehr beantworten wir hier.},
	editor = {{NEXT Kraftwerke GmbH}},
	title = {Definition Ausgleichsenergie},
	url = {https://www.next-kraftwerke.de/wissen/ausgleichsenergie},
	keywords = {Ausgleichsenergie;Ausgleichsenergiepreis;profilservice;rebap;{\"u}berspeisung;{\"u}bertragunsgnetzbetreiber;unterspeisung},
	urldate = {2024-01-30}
}


@book{planungshandbuch_fernwärme,
	author = {Nussbauer, Thomas and Thalmann, Stefan and Jenni, Andes and K{\"o}del, Joachim},
	date = {2017-09-21},
	title = {Planungshandbuch Fernw{\"a}rme},
	address = {Ittigen and Bern},
	edition = {Version 1.1 vom 21. September 2017},
	publisher = {{Bundesamt f{\"u}r Energie}},
	isbn = {3908705304},
	file = {300124{\_}planungshandbuch{\_}fernwärme:Attachments/300124{\_}planungshandbuch{\_}fernwärme.pdf:application/pdf}
}


@misc{eex_haupt,
	author = {Haupt, Thomas},
	date = {2023-08-28},
	title = {Gas Spot Preise 2021: Email, PDF},
}

@misc{duis_future_options,
	abstract = {In unserem Energielexikon erkl{\"a}ren wir Ihnen alle relevanten Begriffe aus dem Energiesektor und versuchen Ihnen so unser Handeln noch n{\"a}her zu bringen.},
	editor = {{Stadtwerke Duisburg Energiehandel GmbH}},
	title = {Energielexikon - Energiehandel: Erkl{\"a}rung Future und Optionen},
	url = {https://www.swdu-energiehandel.de/wissen/energielexikon},
	urldate = {2024-02-07}
}


@misc{next_strommarkt,
	abstract = {Wie funktioniert der Strommarkt? Welche Rolle spielen die Erneuerbaren im Strommarkt 2.0? Wir geben einen {\"U}berblick {\"u}ber die EEGs, Energy-Only-Markt, Stromb{\"o}rsen und Virtuelle Kraftwerke. Mehr {\"u}ber den Strommarkt der Zukunft hier.},
	editor = {{NEXT Kraftwerke GmbH}},
	title = {Wie funktioniert der Strommarkt?},
	url = {https://www.next-kraftwerke.de/wissen/strommarkt},
	keywords = {erneuerbare energien flexibilit{\"a}t;strommarkt;strommarktdesign},
	urldate = {2024-02-07}
}


@misc{uba_erneuerbare_anteil_strom,
	abstract = {Aktuelle und qualit{\"a}tsgesicherte Daten zur Entwicklung der erneuerbaren Energien in Deutschland sind ein wichtiger Baustein zur Bewertung der Energiewende. Die Arbeitsgruppe Erneuerbare Energien-Statistik (AGEE-Stat) stellt diese Daten bereit und arbeitet gemeinschaftlich an der kontinuierlichen Weiterentwicklung der Datenbasis erneuerbarer Energien.},
	editor = {Umweltbundesamt},
	title = {Erneuerbare Energien in Zahlen},
	url = {https://www.umweltbundesamt.de/themen/klima-energie/erneuerbare-energien/erneuerbare-energien-in-zahlen#ueberblick-beitrag-erneuerbare},
	keywords = {AGEE-Stat;Arbeitsgruppe Erneuerbare Energien-Statistik;Emissionsbilanz;Erneuerbare Energien;Erneuerbare Energien-Statistik;Regenerative Energien;Treibhausgasvermeidung},
	urldate = {2024-02-07}
}


@article{dorotic_multi,
	abstract = {Besides lowering supply temperatures, the concept of fourth generation of district heating (4DH) also includes integration of heating, cooling and power sector. Due to their high interconnectivity, number of involved technologies and relatively long, but at the same time detailed temporal scale, optimization of such systems presents a challenging task. So far, only hourly district heating multi-objective optimization for a whole year period has been carried out, where detailed district heating and cooling multi-objective optimization has been reserved for small scale utilization and short temporal scale, usually covering specific days or weeks. The main objective of this paper was to develop an hourly based multi-objective optimization district heating and cooling model which is capable of defining supply capacities, including thermal storage size, and their operation for a whole year period. The objective functions are minimization of a total system cost, which includes discounted investment and operational costs, and minimization of environmental impact in terms of carbon dioxide emissions. By using multi-objective optimization, this research shows that for equal level of carbon dioxide emissions, combined district heating and cooling systems have lower total discounted cost when compared to district heating and cooling systems which operate separately.},
	author = {Doroti{\'c}, Hrvoje and Puk{\v{s}}ec, Tomislav and Dui{\'c}, Neven},
	year = {2019},
	title = {Multi-objective optimization of district heating and cooling systems for a one-year time horizon},
	url = {https://www.sciencedirect.com/science/article/pii/S0360544218323600},
	keywords = {District heating and cooling;Linear programming;Multi-objective optimization;Pareto front;Thermal storage},
	pages = {319--328},
	volume = {169},
	issn = {03605442},
	journal = {Energy},
	doi = {10.1016/j.energy.2018.11.149},
	file = {multi{\_}object{\_}optimization:Attachments/multi{\_}object{\_}optimization.pdf:application/pdf}
}


@misc{enefg,
	author = {{Bundesministerium f{\"u}r Wirtschaft und Klimaschutz}},
	title = {Gesetz zur Steigerung der Energieeffizienz in Deutschland},
	date = {2023-11-13},
	file = {EnEfG:Attachments/EnEfG.pdf:application/pdf}
}


@book{pyomo_doc, title={Pyomo--optimization modeling in python}, author={Bynum, Michael L. and Hackebeil, Gabriel A. and Hart, William E. and Laird, Carl D. and Nicholson, Bethany L. and Siirola, John D. and Watson, Jean-Paul and Woodruff, David L.}, edition={Third}, volume={67}, year={2021}, publisher={Springer Science \& Business Media} }


@misc{gurobi_doc,
	author = {{Gurobi Optimization}},
	title = {Documentation - Gurobi Optimization},
	url = {https://www.gurobi.com/documentation/10.0/refman/py_python_api_overview.html},
	urldate = {2024-02-15}
}


@misc{dinen17463,
	date = {2021-12},
	title = {DIN EN 17463: Bewertung von energiebezogenen Investitionen (VALERI)},
	author = {{DIN Deutsches Institut f{\"u}r Normung e. V}},
	file = {TP2.2{\_}DIN EN 17463:Attachments/TP2.2{\_}DIN EN 17463.pdf:application/pdf}
}


@misc{heatshift,
	date = {2023-10-01},
	title = {Lastdaten vom W{\"a}rmenetz der ZAK aus dem Forschungsprojekt Heatshift: CSV-Datei},
	editor = {{Zweckverband f{\"u}r Abfallwirtschaft Kempten}},
}

